<record><leader>00000cas a2200000 a 4500</leader><controlfield tag="001">12460730</controlfield><controlfield tag="008">850831d18471897pauwr ne      0    0eng c</controlfield><datafield ind1=" " ind2=" " tag="010"><subfield code="a">sn 85038484 </subfield></datafield><datafield ind1=" " ind2=" " tag="040"><subfield code="a">NPY</subfield><subfield code="b">eng</subfield><subfield code="c">NPY</subfield><subfield code="d">NPH</subfield><subfield code="d">NPA</subfield><subfield code="d">NPH</subfield><subfield code="d">DLC</subfield><subfield code="d">NPH</subfield><subfield code="d">DLC</subfield><subfield code="d">OCLCQ</subfield></datafield><datafield ind1=" " ind2=" " tag="042"><subfield code="a">pcc</subfield></datafield><datafield ind1=" " ind2=" " tag="043"><subfield code="a">n-us-pa</subfield></datafield><datafield ind1="0" ind2="0" tag="050"><subfield code="a">Newspaper</subfield></datafield><datafield ind1="0" ind2="4" tag="245"><subfield code="a">The Sunday item.</subfield></datafield><datafield ind1="1" ind2="3" tag="246"><subfield code="a">Item</subfield></datafield><datafield ind1=" " ind2=" " tag="260"><subfield code="a">Philadelphia [Pa. :</subfield><subfield code="b">Fitzgerald &amp; Sons]</subfield></datafield><datafield ind1=" " ind2=" " tag="300"><subfield code="a">v. :</subfield><subfield code="b">ill. (chiefly advertisements) ;</subfield><subfield code="c">64 cm.</subfield></datafield><datafield ind1=" " ind2=" " tag="310"><subfield code="a">Weekly</subfield></datafield><datafield ind1="1" ind2=" " tag="362"><subfield code="a">Began with Sept. 25, 1847 issue; ceased in 1897.</subfield><subfield code="z">Cf. NIM.</subfield></datafield><datafield ind1=" " ind2=" " tag="500"><subfield code="a">Sometimes published as: Item, &lt;Sept. 2, 1877&gt;-Jan. 27, 1878.</subfield></datafield><datafield ind1=" " ind2=" " tag="530"><subfield code="a">Also issued on microfilm from the Library of Congress, Photoduplication Service (filmed with Evening item (Philadelphia, Pa.) and Philadelphia evening item).</subfield></datafield><datafield ind1=" " ind2=" " tag="580"><subfield code="a">Also printed in weekly eds. entitled: City item (Philadelphia, Pa. : Weekly); Fitzgerald's city item; Weekly item; and in daily eds. entitled: Item (Philadelphia, Pa. : Daily); Evening item (Philadelphia, Pa.).</subfield></datafield><datafield ind1=" " ind2=" " tag="588"><subfield code="a">Description based on: 13th year (Sept. 2, 1877).</subfield></datafield><datafield ind1=" " ind2=" " tag="752"><subfield code="a">United States</subfield><subfield code="b">Pennsylvania</subfield><subfield code="c">Philadelphia</subfield><subfield code="d">Philadelphia.</subfield></datafield><datafield ind1="1" ind2=" " tag="775"><subfield code="t">City item (Philadelphia, Pa. : Weekly)</subfield><subfield code="w">(DLC)sn 85055162</subfield></datafield><datafield ind1="1" ind2=" " tag="775"><subfield code="t">Fitzgerald's city item</subfield><subfield code="w">(DLC)sn 86077104</subfield></datafield><datafield ind1="1" ind2=" " tag="775"><subfield code="t">Weekly item</subfield><subfield code="w">(DLC)sn 85055163</subfield></datafield><datafield ind1="1" ind2=" " tag="775"><subfield code="t">Item (Philadelphia, Pa. : Daily)</subfield><subfield code="w">(DLC)sn 85055159</subfield><subfield code="w">(OCoLC)12647198</subfield></datafield><datafield ind1="1" ind2=" " tag="775"><subfield code="t">Evening item (Philadelphia, Pa.)</subfield><subfield code="w">(DLC)sn 86063558</subfield></datafield><datafield ind1="0" ind2="0" tag="780"><subfield code="t">All day city item</subfield><subfield code="c">Sunday ed.</subfield></datafield><datafield ind1="0" ind2="0" tag="785"><subfield code="t">Philadelphia Sunday item</subfield><subfield code="w">(OCoLC)12646955</subfield></datafield><datafield ind1="1" ind2=" " tag="029"><subfield code="a">AU@</subfield><subfield code="b">000025794619</subfield></datafield></record>